% RELATED WORKS %

@article{jacobs1991adaptivemixtureoflocalexperts,
    author = {Jacobs, Robert and Jordan, Michael and Nowlan, Steven and Hinton, Geoffrey},
    year = {1991},
    month = {03},
    pages = {79-87},
    title = {Adaptive Mixtures of Local Experts},
    volume = {3},
    journal = {Neural Computation},
    doi = {10.1162/neco.1991.3.1.79}
}

@misc{soviany2022curriculumlearningsurvey,
      title={Curriculum Learning: A Survey}, 
      author={Petru Soviany and Radu Tudor Ionescu and Paolo Rota and Nicu Sebe},
      year={2022},
      eprint={2101.10382},
      archivePrefix={arXiv},
      primaryClass={cs.LG},
      url={https://arxiv.org/abs/2101.10382}, 
}

@misc{wei2023chainofthoughtpromptingelicitsreasoning,
      title={Chain-of-Thought Prompting Elicits Reasoning in Large Language Models}, 
      author={Jason Wei and Xuezhi Wang and Dale Schuurmans and Maarten Bosma and Brian Ichter and Fei Xia and Ed Chi and Quoc Le and Denny Zhou},
      year={2023},
      eprint={2201.11903},
      archivePrefix={arXiv},
      primaryClass={cs.CL},
      url={https://arxiv.org/abs/2201.11903}, 
}

@misc{wang2023selfconsistencyimproveschainthought,
      title={Self-Consistency Improves Chain of Thought Reasoning in Language Models}, 
      author={Xuezhi Wang and Jason Wei and Dale Schuurmans and Quoc Le and Ed Chi and Sharan Narang and Aakanksha Chowdhery and Denny Zhou},
      year={2023},
      eprint={2203.11171},
      archivePrefix={arXiv},
      primaryClass={cs.CL},
      url={https://arxiv.org/abs/2203.11171}, 
}

@misc{didolkar2024metacognitivecapabilitiesllmsexploration,
      title={Metacognitive Capabilities of LLMs: An Exploration in Mathematical Problem Solving}, 
      author={Aniket Didolkar and Anirudh Goyal and Nan Rosemary Ke and Siyuan Guo and Michal Valko and Timothy Lillicrap and Danilo Rezende and Yoshua Bengio and Michael Mozer and Sanjeev Arora},
      year={2024},
      eprint={2405.12205},
      archivePrefix={arXiv},
      primaryClass={cs.AI},
      url={https://arxiv.org/abs/2405.12205}, 
}

@inproceedings{Bengio2009CurriculumL,
  title={Curriculum learning},
  author={Yoshua Bengio and J{\'e}r{\^o}me Louradour and Ronan Collobert and Jason Weston},
  booktitle={International Conference on Machine Learning},
  year={2009},
  url={https://api.semanticscholar.org/CorpusID:873046}
}

@misc{zhou2023leasttomostpromptingenablescomplex,
      title={Least-to-Most Prompting Enables Complex Reasoning in Large Language Models}, 
      author={Denny Zhou and Nathanael Sch√§rli and Le Hou and Jason Wei and Nathan Scales and Xuezhi Wang and Dale Schuurmans and Claire Cui and Olivier Bousquet and Quoc Le and Ed Chi},
      year={2023},
      eprint={2205.10625},
      archivePrefix={arXiv},
      primaryClass={cs.AI},
      url={https://arxiv.org/abs/2205.10625}, 
}


% DATASETS %

@misc{cobbe2021trainingverifierssolvemath,
      title={Training Verifiers to Solve Math Word Problems}, 
      author={Karl Cobbe and Vineet Kosaraju and Mohammad Bavarian and Mark Chen and Heewoo Jun and Lukasz Kaiser and Matthias Plappert and Jerry Tworek and Jacob Hilton and Reiichiro Nakano and Christopher Hesse and John Schulman},
      year={2021},
      eprint={2110.14168},
      archivePrefix={arXiv},
      primaryClass={cs.LG},
      url={https://arxiv.org/abs/2110.14168}, 
}

@misc{hendrycks2021measuringmathematicalproblemsolving,
      title={Measuring Mathematical Problem Solving With the MATH Dataset}, 
      author={Dan Hendrycks and Collin Burns and Saurav Kadavath and Akul Arora and Steven Basart and Eric Tang and Dawn Song and Jacob Steinhardt},
      year={2021},
      eprint={2103.03874},
      archivePrefix={arXiv},
      primaryClass={cs.LG},
      url={https://arxiv.org/abs/2103.03874}, 
}

@article{hendryckstest2021,
  title={Measuring Massive Multitask Language Understanding},
  author={Dan Hendrycks and Collin Burns and Steven Basart and Andy Zou and Mantas Mazeika and Dawn Song and Jacob Steinhardt},
  journal={Proceedings of the International Conference on Learning Representations (ICLR)},
  year={2021}
}


% DEFAULTS FROM TEMPLATE%

@inproceedings{andrew2007scalable,
  title={Scalable training of {L1}-regularized log-linear models},
  author={Andrew, Galen and Gao, Jianfeng},
  booktitle={Proceedings of the 24th International Conference on Machine Learning},
  pages={33--40},
  year={2007},
}

@inproceedings{borsch2011,
	Address = {Canberra, Australia},
	Author = {Benjamin Borschinger and Mark Johnson},
	Booktitle = {Proceedings of the Australasian Language Technology Association Workshop 2011},
	Month = {December},
	Pages = {10--18},
	Title = {A Particle Filter algorithm for {B}ayesian Wordsegmentation},
	Year = {2011}}


@book{Aho:72,
    author  = {Alfred V. Aho and Jeffrey D. Ullman},
    title   = {The Theory of Parsing, Translation and Compiling},
    year    = "1972",
    volume  = "1",
    publisher = {Prentice-Hall},
    address = {Englewood Cliffs, NJ}
}

@book{APA:83,
    author  = {{American Psychological Association}},
    title   = {Publications Manual},
    year    = "1983",
   publisher = {American Psychological Association},
   address = {Washington, DC}
}

@article{ACM:83,
	author = {Association for Computing Machinery},
	year = "1983",
	journal = {Computing Reviews},
	volume = "24",
	number = "11",
	pages = "503--512"
}

@article{Chandra:81,
	author = {Ashok K. Chandra and Dexter C. Kozen and Larry J. Stockmeyer},
	year = "1981",
	title = {Alternation},
	journal = {Journal of the Association for Computing Machinery},
	volume = "28",
	number = "1",
	pages = "114--133",
	doi = "10.1145/322234.322243",
} 

@misc{mistral2024mathstral,
  author       = {Mistral-AI},
  title        = {Mathstral},
  year         = {2024},
  howpublished = {\url{https://mistral.ai/news/mathstral}},
  note         = {Accessed: 2025-03-06}
}

@article{grattafiori2024llama,
  title={The LLama 3 Herd of Models},
  author={Grattafiori, Aaron and Dubey, Abhimanyu and Jauhri, Abhinav and Pandey, Abhinav and Kadian, Abhishek and Al-Dahle, Ahmad and Letman, Aiesha and Mathur, Akhil and Schelten, Alan and Vaughan, Alex and others},
  journal={arXiv preprint arXiv:2407.21783},
  year={2024}
}